@article{DBLP:journals/kbs/CiattoAMO25,
  author = {Ciatto, Giovanni and Agiollo, Andrea and Magnini, Matteo and Omicini, Andrea},
  title = {Large language models as oracles for instantiating ontologies with domain-specific knowledge},
  journal = {Knowl. Based Syst.},
  volume = {310},
  pages = {112940},
  year = {2025},
  doi = {10.1016/J.KNOSYS.2024.112940},
  timestamp = {Fri, 14 Feb 2025 20:50:32 +0100},
  biburl = {https://dblp.org/rec/journals/kbs/CiattoAMO25.bib},
  bibsource = {dblp computer science bibliography, https://dblp.org}
}
@inproceedings{DBLP:conf/aime/AguzziMPVM25,
  author = {Aguzzi, Gianluca and Magnini, Matteo and Pengo, Martino Francesco and Viroli, Mirko and Montagna, Sara},
  editor = {Bellazzi, Riccardo and Herrero, Jos{\'{e}} Manuel Juarez and Sacchi, Lucia and Zupan, Blaz},
  title = {A Fine-Tuning Pipeline with Small Conversational Data for Healthcare Chatbot},
  booktitle = {Artificial Intelligence in Medicine - 23rd International Conference, {AIME} 2025, Pavia, Italy, June 23-26, 2025, Proceedings, Part {II}},
  series = {Lecture Notes in Computer Science},
  volume = {15735},
  pages = {1--5},
  publisher = {Springer},
  year = {2025},
  doi = {10.1007/978-3-031-95841-0\_1},
  timestamp = {Fri, 04 Jul 2025 22:04:52 +0200},
  biburl = {https://dblp.org/rec/conf/aime/AguzziMPVM25.bib},
  bibsource = {dblp computer science bibliography, https://dblp.org}
}
@inproceedings{DBLP:conf/percom/MagniniCKSM25,
  author = {Magnini, Matteo and Ciatto, Giovanni and Kuru, Ahmet Emre and Sirocchi, Christel and Montagna, Sara},
  title = {Neuro-Symbolic {AI} for Supporting Chronic Disease Diagnosis and Monitoring},
  booktitle = {{IEEE} International Conference on Pervasive Computing and Communications Workshops and other Affiliated Events, PerCom 2025 - Workshops, Washington DC, USA, March 17-21, 2025},
  pages = {446--451},
  publisher = {{IEEE}},
  year = {2025},
  doi = {10.1109/PERCOMWORKSHOPS65533.2025.00106},
  timestamp = {Fri, 04 Jul 2025 22:09:14 +0200},
  biburl = {https://dblp.org/rec/conf/percom/MagniniCKSM25.bib},
  bibsource = {dblp computer science bibliography, https://dblp.org}
}
@article{DBLP:journals/csur/CiattoSAMO24,
  author = {Ciatto, Giovanni and Sabbatini, Federico and Agiollo, Andrea and Magnini, Matteo and Omicini, Andrea},
  title = {Symbolic Knowledge Extraction and Injection with Sub-symbolic Predictors: {A} Systematic Literature Review},
  journal = {{ACM} Comput. Surv.},
  volume = {56},
  number = {6},
  pages = {161:1--161:35},
  year = {2024},
  doi = {10.1145/3645103},
  timestamp = {Sun, 19 Jan 2025 13:56:47 +0100},
  biburl = {https://dblp.org/rec/journals/csur/CiattoSAMO24.bib},
  bibsource = {dblp computer science bibliography, https://dblp.org}
}
@inproceedings{DBLP:conf/aequitas/MagniniCCO24,
  author = {Magnini, Matteo and Ciatto, Giovanni and Calegari, Roberta and Omicini, Andrea},
  editor = {Calegari, Roberta and Dignum, Virginia and O'Sullivan, Barry},
  title = {Enforcing Fairness via Constraint Injection with FaUCI},
  booktitle = {Proceedings of the 2nd Workshop on Fairness and Bias in {AI} co-located with 27th European Conference on Artificial Intelligence {(ECAI} 2024), Santiago de Compostela, Spain, October 20th, 2024},
  series = {{CEUR} Workshop Proceedings},
  volume = {3808},
  publisher = {CEUR-WS.org},
  year = {2024},
  url = {https://ceur-ws.org/Vol-3808/paper8.pdf},
  timestamp = {Fri, 08 Nov 2024 15:21:04 +0100},
  biburl = {https://dblp.org/rec/conf/aequitas/MagniniCCO24.bib},
  bibsource = {dblp computer science bibliography, https://dblp.org}
}
@inproceedings{DBLP:conf/dlog/MagniniOS24,
  author = {Magnini, Matteo and Ozaki, Ana and Squarcialupi, Riccardo},
  editor = {Giordano, Laura and Jung, Jean Christoph and Ozaki, Ana},
  title = {Actively Learning Ontologies from LLMs: First Results (Extended Abstract)},
  booktitle = {Proceedings of the 37th International Workshop on Description Logics {(DL} 2024), Bergen, Norway, June 18-21, 2024},
  series = {{CEUR} Workshop Proceedings},
  volume = {3739},
  publisher = {CEUR-WS.org},
  year = {2024},
  url = {https://ceur-ws.org/Vol-3739/abstract-18.pdf},
  timestamp = {Wed, 21 Aug 2024 22:46:00 +0200},
  biburl = {https://dblp.org/rec/conf/dlog/MagniniOS24.bib},
  bibsource = {dblp computer science bibliography, https://dblp.org}
}
@inproceedings{DBLP:conf/hc/AguzziMFSM24,
  author = {Aguzzi, Gianluca and Magnini, Matteo and Ferretti, Stefano and Salcuni, Giuseppe Pio and Montagna, Sara},
  editor = {Calimeri, Francesco and Dragoni, Mauro and Stella, Fabio},
  title = {Applying Retrieval-Augmented Generation on Open LLMs for a Medical Chatbot Supporting Hypertensive Patients},
  booktitle = {Proceedings of the 3rd AIxIA Workshop on Artificial Intelligence For Healthcare (HC@AIxIA 2024) co-located with the 23rd International Conference of the Italian Association for Artificial Intelligence (AIxIA 2024), Bolzano, Italy, 27-28 November 2024},
  series = {{CEUR} Workshop Proceedings},
  volume = {3880},
  pages = {189--201},
  publisher = {CEUR-WS.org},
  year = {2024},
  url = {https://ceur-ws.org/Vol-3880/paper17.pdf},
  timestamp = {Tue, 07 Jan 2025 17:28:28 +0100},
  biburl = {https://dblp.org/rec/conf/hc/AguzziMFSM24.bib},
  bibsource = {dblp computer science bibliography, https://dblp.org}
}
@inproceedings{DBLP:conf/percom/MontagnaAFPKUM24,
  author = {Montagna, Sara and Aguzzi, Gianluca and Ferretti, Stefano and Pengo, Martino Francesco and Klopfenstein, Lorenz Cuno and Ungolo, Michelangelo and Magnini, Matteo},
  title = {LLM-based Solutions for Healthcare Chatbots: a Comparative Analysis},
  booktitle = {{IEEE} International Conference on Pervasive Computing and Communications Workshops and other Affiliated Events, PerCom 2024 - Workshops, Biarritz, France, March 11-15, 2024},
  pages = {346--351},
  publisher = {{IEEE}},
  year = {2024},
  doi = {10.1109/PERCOMWORKSHOPS59983.2024.10503257},
  timestamp = {Sun, 06 Oct 2024 21:12:56 +0200},
  biburl = {https://dblp.org/rec/conf/percom/MontagnaAFPKUM24.bib},
  bibsource = {dblp computer science bibliography, https://dblp.org}
}
@inproceedings{DBLP:conf/woa/RafanelliMACO24,
  author = {Rafanelli, Andrea and Magnini, Matteo and Agiollo, Andrea and Ciatto, Giovanni and Omicini, Andrea},
  editor = {Alderighi, Marco and Baldoni, Matteo and Baroglio, Cristina and Micalizio, Roberto and Tedeschi, Stefano},
  title = {An Empirical Study on the Robustness of Knowledge Injection Techniques Against Data Degradation},
  booktitle = {Proceedings of the 25th Workshop "From Objects to Agents", Bard (Aosta), Italy, July 8-10, 2024},
  series = {{CEUR} Workshop Proceedings},
  volume = {3735},
  pages = {20--32},
  publisher = {CEUR-WS.org},
  year = {2024},
  url = {https://ceur-ws.org/Vol-3735/paper\_02.pdf},
  timestamp = {Fri, 26 Jul 2024 22:35:03 +0200},
  biburl = {https://dblp.org/rec/conf/woa/RafanelliMACO24.bib},
  bibsource = {dblp computer science bibliography, https://dblp.org}
}
@article{DBLP:journals/aamas/AgiolloRMCO23,
  author = {Agiollo, Andrea and Rafanelli, Andrea and Magnini, Matteo and Ciatto, Giovanni and Omicini, Andrea},
  title = {Symbolic knowledge injection meets intelligent agents: QoS metrics and experiments},
  journal = {Auton. Agents Multi Agent Syst.},
  volume = {37},
  number = {2},
  pages = {27},
  year = {2023},
  doi = {10.1007/S10458-023-09609-6},
  timestamp = {Mon, 03 Mar 2025 21:25:18 +0100},
  biburl = {https://dblp.org/rec/journals/aamas/AgiolloRMCO23.bib},
  bibsource = {dblp computer science bibliography, https://dblp.org}
}
@article{DBLP:journals/cmpb/MagniniCCAO23,
  author = {Magnini, Matteo and Ciatto, Giovanni and Cant{\"{u}}rk, Furkan and Aydogan, Reyhan and Omicini, Andrea},
  title = {Symbolic knowledge extraction for explainable nutritional recommenders},
  journal = {Comput. Methods Programs Biomed.},
  volume = {235},
  pages = {107536},
  year = {2023},
  doi = {10.1016/J.CMPB.2023.107536},
  timestamp = {Tue, 07 May 2024 20:23:31 +0200},
  biburl = {https://dblp.org/rec/journals/cmpb/MagniniCCAO23.bib},
  bibsource = {dblp computer science bibliography, https://dblp.org}
}
@article{DBLP:journals/logcom/MagniniCO23,
  author = {Magnini, Matteo and Ciatto, Giovanni and Omicini, Andrea},
  title = {Knowledge injection of Datalog rules via Neural Network Structuring with {KINS}},
  journal = {J. Log. Comput.},
  volume = {33},
  number = {8},
  pages = {1832--1850},
  year = {2023},
  doi = {10.1093/LOGCOM/EXAD037},
  timestamp = {Tue, 02 Jan 2024 12:25:17 +0100},
  biburl = {https://dblp.org/rec/journals/logcom/MagniniCO23.bib},
  bibsource = {dblp computer science bibliography, https://dblp.org}
}
@inproceedings{DBLP:conf/extraamas/CiattoMBAO23,
  author = {Ciatto, Giovanni and Magnini, Matteo and Buzcu, Berk and Aydogan, Reyhan and Omicini, Andrea},
  editor = {Calvaresi, Davide and Najjar, Amro and Omicini, Andrea and Aydogan, Reyhan and Carli, Rachele and Ciatto, Giovanni and Mualla, Yazan and Fr{\"{a}}mling, Kary},
  title = {A General-Purpose Protocol for Multi-agent Based Explanations},
  booktitle = {Explainable and Transparent {AI} and Multi-Agent Systems - 5th International Workshop, {EXTRAAMAS} 2023, London, UK, May 29, 2023, Revised Selected Papers},
  series = {Lecture Notes in Computer Science},
  volume = {14127},
  pages = {38--58},
  publisher = {Springer},
  year = {2023},
  doi = {10.1007/978-3-031-40878-6\_3},
  timestamp = {Sun, 24 Sep 2023 15:46:11 +0200},
  biburl = {https://dblp.org/rec/conf/extraamas/CiattoMBAO23.bib},
  bibsource = {dblp computer science bibliography, https://dblp.org}
}
@inproceedings{DBLP:conf/aiia/MagniniCO22,
  author = {Magnini, Matteo and Ciatto, Giovanni and Omicini, Andrea},
  editor = {Dovier, Agostino and Montanari, Angelo and Orlandini, Andrea},
  title = {Bridging Symbolic and Sub-Symbolic {AI:} Towards Cooperative Transfer Learning in Multi-Agent Systems},
  booktitle = {Proceedings of the Discussion Papers - 22nd International Conference of the Italian Association for Artificial Intelligence (AIxIA 2022 DP), Udine, Italy, November 28 - December 2, 2022},
  series = {{CEUR} Workshop Proceedings},
  volume = {3419},
  pages = {12--22},
  publisher = {CEUR-WS.org},
  year = {2022},
  url = {https://ceur-ws.org/Vol-3419/paper2.pdf},
  timestamp = {Tue, 04 Jul 2023 16:37:20 +0200},
  biburl = {https://dblp.org/rec/conf/aiia/MagniniCO22.bib},
  bibsource = {dblp computer science bibliography, https://dblp.org}
}
@inproceedings{DBLP:conf/atal/MagniniCO22,
  author = {Magnini, Matteo and Ciatto, Giovanni and Omicini, Andrea},
  editor = {Calvaresi, Davide and Najjar, Amro and Winikoff, Michael and Fr{\"{a}}mling, Kary},
  title = {On the Design of PSyKI: {A} Platform for Symbolic Knowledge Injection into Sub-symbolic Predictors},
  booktitle = {Explainable and Transparent {AI} and Multi-Agent Systems - 4th International Workshop, {EXTRAAMAS} 2022, Virtual Event, May 9-10, 2022, Revised Selected Papers},
  series = {Lecture Notes in Computer Science},
  volume = {13283},
  pages = {90--108},
  publisher = {Springer},
  year = {2022},
  doi = {10.1007/978-3-031-15565-9\_6},
  timestamp = {Tue, 18 Oct 2022 22:16:54 +0200},
  biburl = {https://dblp.org/rec/conf/atal/MagniniCO22.bib},
  bibsource = {dblp computer science bibliography, https://dblp.org}
}
@inproceedings{DBLP:conf/cilc/MagniniCO22,
  author = {Magnini, Matteo and Ciatto, Giovanni and Omicini, Andrea},
  editor = {Calegari, Roberta and Ciatto, Giovanni and Omicini, Andrea},
  title = {{KINS:} Knowledge Injection via Network Structuring},
  booktitle = {Proceedings of the 37th Italian Conference on Computational Logic, Bologna, Italy, June 29 - July 1, 2022},
  series = {{CEUR} Workshop Proceedings},
  volume = {3204},
  pages = {254--267},
  publisher = {CEUR-WS.org},
  year = {2022},
  url = {https://ceur-ws.org/Vol-3204/paper\_25.pdf},
  timestamp = {Fri, 10 Mar 2023 16:22:45 +0100},
  biburl = {https://dblp.org/rec/conf/cilc/MagniniCO22.bib},
  bibsource = {dblp computer science bibliography, https://dblp.org}
}
@inproceedings{DBLP:conf/woa/MagniniCO22,
  author = {Magnini, Matteo and Ciatto, Giovanni and Omicini, Andrea},
  editor = {Ferrando, Angelo and Mascardi, Viviana},
  title = {A view to a {KILL:} knowledge injection via lambda layer},
  booktitle = {Proceedings of the 23rd Workshop "From Objects to Agents", Genova, Italy, September 1-3, 2022},
  series = {{CEUR} Workshop Proceedings},
  volume = {3261},
  pages = {61--76},
  publisher = {CEUR-WS.org},
  year = {2022},
  url = {https://ceur-ws.org/Vol-3261/paper5.pdf},
  timestamp = {Fri, 10 Mar 2023 16:22:40 +0100},
  biburl = {https://dblp.org/rec/conf/woa/MagniniCO22.bib},
  bibsource = {dblp computer science bibliography, https://dblp.org}
}
@inproceedings{DBLP:conf/aequitas/Magnini24,
  author = {Magnini, Matteo and Ciatto, Giovanni and Calegari, Roberta and Omicini, Andrea},
  editor = {Calegari, Roberta and Dignum, Virginia and O'Sullivan, Barry},
  title = {Enforcing Fairness via Constraint Injection with FaUCI},
  booktitle = {Proceedings of the 2nd workshop on Fairness and Bias in AI, Santiago di Compostela, Spain, October 20, 2024},
  series = {{CEUR} Workshop Proceedings},
  volume = {},
  pages = {},
  publisher = {CEUR-WS.org},
  year = {2024},
}
@inproceedings{DBLP:conf/hc/Aguzzi24,
  author = {Aguzzi, Gianluca and Magnini, Matteo and Salcuni, Giuseppe Pio and Ferretti, Stefano and Montagna, Sara},
  editor = {Calimeri, Francesco and Dragoni, Mauro and Stella, Fabio},
  title = {Applying Retrieval-Augmented Generation on Open LLMs for a Medical Chatbot Supporting Hypertensive Patients},
  booktitle = {Proceedings of the 3rd workshop on Artificial Intelligence For Healthcare, Bolzano, Italy, November 25-28, 2024},
  series = {{CEUR} Workshop Proceedings},
  volume = {},
  pages = {},
  publisher = {CEUR-WS.org},
  year = {2024},
}
@inproceedings{DBLP:conf/hc/Magnini24,
  author = {Magnini, Matteo and Sirocchi, Christel and Ciatto, Giovanni and Montagna, Sara},
  editor = {Calimeri, Francesco and Dragoni, Mauro and Stella, Fabio},
  title = {Injecting Symbolic Knowledge in Machine Learning Models: a Comparative Analysis in Healthcare Scenarios},
  booktitle = {Proceedings of the 3rd workshop on Artificial Intelligence For Healthcare, Bolzano, Italy, November 25-28, 2024},
  series = {{CEUR} Workshop Proceedings},
  volume = {},
  pages = {},
  publisher = {CEUR-WS.org},
  year = {2024},
}
@inproceedings{Magnini2025ActivelyLearning,
  title        = {Actively Learning {EL} Terminologies from Large Language Models},
  author       = {Matteo Magnini and Riccardo Squarcialupi and Martin T. Sterri and Ana Ozaki},
  booktitle    = {ECAI 2025 — Proceedings of the 28th European Conference on Artificial Intelligence},
  year         = {2025},
  note         = {Accepted; to appear},
  address      = {Bologna, Italy},
  month        = {October},
}
@inproceedings{Matteini2025DomainSpecificNeSy,
  title        = {A Domain-Specific Language for NeSy Focussing on Symbolic Knowledge Injection},
  author       = {Mattia Matteini and Giovanni Ciatto and Matteo Magnini and Emre Kuru and Reyhan Aydoğan and Andrea Omicini},
  booktitle    = {ANSyA 2025 — Proceedings of the 1st International Workshop on Advanced Neuro-Symbolic Applications (co-located with ECAI-2025)},
  year         = {2025},
  note         = {Accepted; to appear},
  address      = {Bologna, Italy},
  month        = {October},
}
@inproceedings{Farahmand2025MedicoAI,
  title        = {MedicoAI: On-Device Healthcare Support with Lightweight Language Models},
  author       = {Aqila Farahmand and Sara Montagna and Alessandro Bogliolo and Stefano Ferretti and Matteo Magnini},
  booktitle    = {Proceedings of the IEEE Consumer Communications \& Networking Conference (CCNC) 2025},
  year         = {2025},
  note         = {Under review},
  address      = {Las Vegas, NV, USA},
  month        = {January},
}
@article{Aguzzi2025RAGSLMs,
  title        = {RAG-Enhanced Open SLMs for Hypertension Management Chatbots},
  author       = {Gianluca Aguzzi and Matteo Magnini and Aqila Farahmand and Stefano Ferretti and Martino Francesco Pengo and Sara Montagna},
  journal      = {Journal of Medical Systems},
  publisher    = {Springer},
  year         = {2025},
  note         = {Under review},
  issn         = {0148-5598 (print), 1573-689X (electronic)},
}

